% !TEX root = ./fduthesis.tex
@inproceedings{DBLP:conf/kbse/HuangXXLW18,
    title={API method recommendation without worrying about the task-API knowledge gap},
  author={Huang, Qiao and Xia, Xin and Xing, Zhenchang and Lo, David and Wang, Xinyu},
  booktitle={33rd IEEE/ACM International Conference on Automated Software Engineering (ASE)},
  pages={293--304},
  year={2018},
  organization={IEEE}
}

@inproceedings{DBLP:conf/www/BianLAZ08,
    title={Finding the right facts in the crowd: factoid question answering over social media},
  author={Bian, Jiang and Liu, Yandong and Agichtein, Eugene and Zha, Hongyuan},
  booktitle={17th international conference on World Wide Web},
  pages={467--476},
  year={2008}
}

@inproceedings{DBLP:conf/icse/TreudeR16,
    title={Augmenting api documentation with insights from stack overflow},
  author={Treude, Christoph and Robillard, Martin P},
  booktitle={38th IEEE/ACM International Conference on Software Engineering (ICSE)},
  pages={392--403},
  year={2016},
  organization={IEEE}
}

@inproceedings{DBLP:conf/sigsoft/TreudeS11,
    title={Effective communication of software development knowledge through community portals},
  author={Treude, Christoph and Storey, Margaret-Anne},
  booktitle={19th ACM SIGSOFT symposium and the 13th European conference on Foundations of software engineering},
  pages={91--101},
  year={2011}
}

@inproceedings{DBLP:conf/se/MaalejR14,
  title={Patterns of knowledge in API reference documentation},
  author={Maalej, Walid and Robillard, Martin P},
  booktitle={IEEE Transactions on Software Engineering},
  volume={39},
  number={9},
  pages={1264--1282},
  year={2013},
  publisher={IEEE}
}

@article{DBLP:journals/ese/RobillardD11,
    title={A field study of API learning obstacles},
  author={Robillard, Martin P and DeLine, Robert},
  booktitle={Empirical Software Engineering},
  volume={16},
  number={6},
  pages={703--732},
  year={2011},
  publisher={Springer}
}

@article{DBLP:journals/software/Robillard09,
  title={What makes APIs hard to learn? Answers from developers},
  author={Robillard, Martin P},
  journal={IEEE software},
  volume={26},
  number={6},
  pages={27--34},
  year={2009},
  publisher={IEEE}
}

@inproceedings{DBLP:conf/sac/YeXLK16,
    title={Software-specific part-of-speech tagging: An experimental study on stack overflow},
  author={Ye, Deheng and Xing, Zhenchang and Li, Jing and Kapre, Nachiket},
  booktitle={31st Annual ACM Symposium on Applied Computing},
  pages={1378--1385},
  year={2016}
}

@article{DBLP:journals/scp/GaoLLLW21,
    title={API recommendation for the development of Android App features based on the knowledge mined from App stores},
  author={Gao, Shanquan and Liu, Lei and Liu, Yuzhou and Liu, Huaxiao and Wang, Yihui},
  journal={Science of Computer Programming},
  volume={202},
  pages={102556},
  year={2021},
  publisher={Elsevier}
}

@article{DBLP:journals/tse/UddinK21,
    title={Automatic mining of opinions expressed about apis in stack overflow},
  author={Uddin, Gias and Khomh, Foutse},
  journal={IEEE Transactions on Software Engineering},
  year={2019},
  publisher={IEEE}
}

@inproceedings{DBLP:conf/sigsoft/NovielliCL15,
  title={The challenges of sentiment detection in the social programmer ecosystem},
  author={Novielli, Nicole and Calefato, Fabio and Lanubile, Filippo},
  booktitle={7th International Workshop on Social Software Engineering},
  pages={33--40},
  year={2015}
}

@inproceedings{DBLP:conf/kdd/HuL04,
  title={Mining and summarizing customer reviews},
  author={Hu, Minqing and Liu, Bing},
  booktitle={10th ACM SIGKDD international conference on Knowledge discovery and data mining},
  pages={168--177},
  year={2004}
}

@inproceedings{DBLP:conf/chi/MamykinaMMHH11,
  title={Design lessons from the fastest q\&a site in the west},
  author={Mamykina, Lena and Manoim, Bella and Mittal, Manas and Hripcsak, George and Hartmann, Bj{\"o}rn},
  booktitle={SIGCHI conference on Human factors in computing systems},
  pages={2857--2866},
  year={2011}
}

@inproceedings{DBLP:conf/chi/NamAA09,
    title={Questions in, knowledge in? A study of Naver's question answering community},
  author={Nam, Kevin Kyung and Ackerman, Mark S and Adamic, Lada A},
  booktitle={SIGCHI conference on human factors in computing systems},
  pages={779--788},
  year={2009}
}

@article{DBLP:journals/software/AbdalkareemSR17,
    title={What do developers use the crowd for? a study using stack overflow},
  author={Abdalkareem, Rabe and Shihab, Emad and Rilling, Juergen},
  journal={IEEE Software},
  volume={34},
  number={2},
  pages={53--60},
  year={2017},
  publisher={IEEE}
}

@inproceedings{DBLP:conf/icse/TreudeBS11,
  title={How do programmers ask and answer questions on the web?(nier track)},
  author={Treude, Christoph and Barzilay, Ohad and Storey, Margaret-Anne},
  booktitle={33rd international conference on software engineering},
  pages={804--807},
  year={2011}
}

@inproceedings{DBLP:conf/msr/Gousios13,
   title={The GHTorent dataset and tool suite},
  author={Gousios, Georgios},
  booktitle={10th Working Conference on Mining Software Repositories (MSR)},
  pages={233--236},
  year={2013},
  organization={IEEE}
}

@inproceedings{DBLP:conf/internetware/Liu0JMYZ18,
  title={Searching stackoverflow questions with multi-faceted categorization},
  author={Liu, Mingwei and Peng, Xin and Jiang, Qingtao and Marcus, Andrian and Yang, Junwen and Zhao, Wenyun},
  booktitle={Tenth Asia-Pacific Symposium on Internetware},
  pages={1--10},
  year={2018}
}

@inproceedings{DBLP:conf/msr/PleteaVS14,
  title={Security and emotion: sentiment analysis of security discussions on github},
  author={Pletea, Daniel and Vasilescu, Bogdan and Serebrenik, Alexander},
  booktitle={11th working conference on mining software repositories},
  pages={348--351},
  year={2014}
}

@inproceedings{DBLP:conf/msr/GuzmanAL14,
  title={Sentiment analysis of commit comments in GitHub: an empirical study},
  author={Guzman, Emitza and Az{\'o}car, David and Li, Yang},
  booktitle={11th working conference on mining software repositories},
  pages={352--355},
  year={2014}
}

@inproceedings{DBLP:conf/sigsoft/GuzmanB13,
  title={Towards emotional awareness in software development teams},
  author={Guzman, Emitza and Bruegge, Bernd},
  booktitle={2013 9th joint meeting on foundations of software engineering},
  pages={671--674},
  year={2013}
}

@inproceedings{DBLP:conf/icsm/JongelingDS15,
  title={Choosing your weapons: On sentiment analysis tools for software engineering research},
  author={Jongeling, Robbert and Datta, Subhajit and Serebrenik, Alexander},
  booktitle={2015 IEEE International Conference on Software Maintenance and Evolution (ICSME)},
  pages={531--535},
  year={2015},
  organization={IEEE}
}

@article{DBLP:journals/jasis/ThelwallBPCK10,
    title={Sentiment in short strength detection informal text},
  author={Mike, Thelwall and Kevan, Buckley and Georgios, Paltoglou and Di, Cai and Arvid, Kappas},
  journal={Journal of the Association for Information and Technology},
  volume={61},
  number={12},
  pages={2544--2558},
  year={2010}
}

@inproceedings{DBLP:conf/webdb/Brin98,
    title={Extracting patterns and relations from the world wide web},
  author={Brin, Sergey},
  booktitle={International workshop on the world wide web and databases},
  pages={172--183},
  year={1998},
  organization={Springer}
}

@inproceedings{DBLP:conf/aaai/CarlsonBKSHM10,
  title={Toward an architecture for never-ending language learning},
  author={Carlson, Andrew and Betteridge, Justin and Kisiel, Bryan and Settles, Burr and Hruschka, Estevam R and Mitchell, Tom M},
  booktitle={24th AAAI conference on artificial intelligence},
  year={2010}
}

@inproceedings{DBLP:conf/sigmod/AgichteinGV01,
  title={Snowball: A prototype system for extracting relations from large text collections},
  author={Agichtein, Eugene and Gravano, Luis and Pavel, Jeff and Sokolova, Viktoriya and Voskoboynik, Aleksandr},
  booktitle={2001 ACM SIGMOD Record},
  volume={30},
  number={2},
  pages={612},
  year={2001},
  publisher={ACM New York, NY, USA}
}

@inproceedings{DBLP:conf/sigsoft/Xie0LTXZZ20,
    title={API method recommendation via explicit matching of functionality verb phrases},
  author={Xie, Wenkai and Peng, Xin and Liu, Mingwei and Treude, Christoph and Xing, Zhenchang and Zhang, Xiaoxin and Zhao, Wenyun},
  booktitle={28th ACM Joint Meeting on European Software Engineering Conference and Symposium on the Foundations of Software Engineering},
  pages={1015--1026},
  year={2020}
}

@inproceedings{DBLP:conf/sigsoft/FucciMM19,
  title={On using machine learning to identify knowledge in API reference documentation},
  author={Fucci, Davide and Mollaalizadehbahnemiri, Alireza and Maalej, Walid},
  booktitle={2019 27th ACM Joint Meeting on European Software Engineering Conference and Symposium on the Foundations of Software Engineering},
  pages={109--119},
  year={2019}
}

@inproceedings{DBLP:conf/icsm/LiLSXPLZ18,
    title={Improving api caveats accessibility by mining api caveats knowledge graph},
  author={Li, Hongwei and Li, Sirui and Sun, Jiamou and Xing, Zhenchang and Peng, Xin and Liu, Mingwei and Zhao, Xuejiao},
  booktitle={2018 IEEE International Conference on Software Maintenance and Evolution (ICSME)},
  pages={183--193},
  year={2018},
  organization={IEEE}
}

@inproceedings{DBLP:conf/sigsoft/CaiWXH00X19,
  title={AnswerBot: an answer summary generation tool based on stack overflow},
  author={Cai, Liang and Wang, Haoye and Xu, Bowen and Huang, Qiao and Xia, Xin and Lo, David and Xing, Zhenchang},
  booktitle={2019 27th ACM Joint Meeting on European Software Engineering Conference and Symposium on the Foundations of Software Engineering},
  pages={1134--1138},
  year={2019}
}

@article{DBLP:journals/infsof/SouzaCDPRM19,
  title={Bootstrapping cookbooks for APIs from crowd knowledge on Stack Overflow},
  author={Souza, Lucas BL and Campos, Eduardo C and Madeiral, Fernanda and Paix{\~a}o, Kl{\'e}risson and Rocha, Adriano M and de Almeida Maia, Marcelo},
  journal={2019 Information and Software Technology},
  volume={111},
  pages={37--49},
  year={2019},
  publisher={Elsevier}
}

@inproceedings{DBLP:conf/eacl/GraveMJB17,
  title={Bag of tricks for efficient text classification},
  author={Joulin, Armand and Grave, Edouard and Bojanowski, Piotr and Mikolov, Tomas},
  booktitle={arXiv preprint arXiv:1607.01759},
  year={2016}
}

@inproceedings{DBLP:conf/iwpc/ZhouXLTW14,
    title={Towards more accurate content categorization of API discussions},
  author={Zhou, Bo and Xia, Xin and Lo, David and Tian, Cong and Wang, Xinyu},
  booktitle={22nd International Conference on Program Comprehension},
  pages={95--105},
  year={2014}
}
@inproceedings{DBLP:conf/kbse/UddinK17,
  title={Automatic summarization of API reviews},
  author={Uddin, Gias and Khomh, Foutse},
  booktitle={2017 32nd IEEE/ACM International Conference on Automated Software Engineering (ASE)},
  pages={159--170},
  year={2017},
  organization={IEEE}
}
@inproceedings{DBLP:conf/icalt/VenigallaLAC19,
  title={Stackdoc-a stack overflow plug-in for novice programmers that integrates q\&a with API examples},
  author={Venigalla, Akhila Sri Manasa and Lakkundi, Chaitanya S and Agrahari, Vartika and Chimalakonda, Sridhar},
  booktitle={2019 IEEE 19th International Conference on Advanced Learning Technologies (ICALT)},
  volume={2161},
  pages={247--251},
  year={2019},
  organization={IEEE}
}
@article{DBLP:journals/access/ZhangJRC18,
    title={Recommending apis for api related questions in stack overflow},
  author={Zhang, Jingxuan and Jiang, He and Ren, Zhilei and Chen, Xin},
  journal={IEEE Access},
  volume={6},
  pages={6205--6219},
  year={2017},
  publisher={IEEE}
}
@inproceedings{DBLP:conf/wcre/AhasanuzzamanAR18,
    title={Classifying stack overflow posts on API issues},
  author={Ahasanuzzaman, Md and Asaduzzaman, Muhammad and Roy, Chanchal K and Schneider, Kevin A},
  booktitle={2018 IEEE 25th international conference on software analysis, evolution and reengineering (SANER)},
  pages={244--254},
  year={2018},
  organization={IEEE}
}
@article{DBLP:journals/chinaf/FanYWYW21,
  title={Why API documentation is insufficient for developers: an empirical study},
  author={Fan, Qiang and Yu, Yue and Wang, Tao and Yin, Gang and Wang, Huaimin},
  journal={Science China Information Sciences},
  volume={64},
  number={1},
  pages={1--3},
  year={2021},
  publisher={Science China Press}
}

@article{DBLP:journals/tse/ZhangJRZH21,
  title={Enriching API documentation with code samples and usage scenarios from crowd knowledge},
  author={Zhang, Jingxuan and Jiang, He and Ren, Zhilei and Zhang, Tao and Huang, Zhiqiu},
  journal={IEEE Transactions on Software Engineering},
  year={2019},
  publisher={IEEE}
}
@article{DBLP:journals/corr/abs-1907-09807,
  title={On using machine learning to identify knowledge in API reference documentation},
  author={Fucci, Davide and Mollaalizadehbahnemiri, Alireza and Maalej, Walid},
  booktitle={2019 27th ACM Joint Meeting on European Software Engineering Conference and Symposium on the Foundations of Software Engineering},
  pages={109--119},
  year={2019}
}
@inproceedings{DBLP:conf/sigsoft/SadowskiSE15,
  title={How developers search for code: a case study},
  author={Sadowski, Caitlin and Stolee, Kathryn T and Elbaum, Sebastian},
  booktitle={2015 10th joint meeting on foundations of software engineering},
  pages={191--201},
  year={2015}
}
@article{DBLP:journals/ese/WuWBI19,
  title={How do developers utilize source code from stack overflow?},
  author={Wu, Yuhao and Wang, Shaowei and Bezemer, Cor-Paul and Inoue, Katsuro},
  journal={2019 Empirical Software Engineering},
  volume={24},
  number={2},
  pages={637--673},
  year={2019},
  publisher={Springer}
}
@article{王海2017社交化软件开发问答中的交互过程研究,
  title={社交化软件开发问答中的交互过程研究},
  author={王海 and 彭鑫 and 于涵 and 赵文耘},
  journal={计算机应用与软件},
  number={05},
  pages={1-11},
  year={2017},
}
@article{朱子骁2018基于,
  title={基于StackOverflow数据的软件功能特征挖掘组织方法},
  author={朱子骁 and 邹艳珍 and 华晨彦 and 沈琦 and 赵俊峰},
  journal={软件学报},
  volume={v.29},
  number={08},
  pages={38-53},
  year={2018},
}
@article{和晓健2019基于实体识别的软件开发问答网站中的,
  title={基于实体识别的软件开发问答网站中的 API 讨论主题分析},
  author={和晓健 and 彭鑫 and 赵文耘 and others},
  journal={计算机应用与软件},
  volume={7},
  year={2019},
  publisher={上海市计算技术研究所| 上海计算机软件技术开发中心}
}